<?xml version="1.0" encoding="UTF-8"?><collection xmlns="http://www.loc.gov/MARC21/slim"><record><leader>00455nam--2200145-i-4500</leader><controlfield tag="001">000014513</controlfield><controlfield tag="002">20161230</controlfield><controlfield tag="005">20161230201030</controlfield><controlfield tag="008">060222s1000------------r-----000-0-eng-d</controlfield><datafield ind1=" " ind2=" " tag="080"><subfield code="a">541.135.3:620.193</subfield></datafield><datafield ind1=" " ind2=" " tag="245"><subfield code="a">Advances in physical chemistry.current developments in electrochemistry and corrosion</subfield></datafield><datafield ind1=" " ind2=" " tag="260"><subfield code="a">Moscow, Mir Publishers, 1982. 191 P</subfield></datafield><datafield ind1=" " ind2=" " tag="490"><subfield code="a">Advances In Science And Technology In The Ussr</subfield></datafield><datafield ind1=" " ind2=" " tag="700"><subfield code="a">Kolotyrkin, Ya.M</subfield></datafield><datafield ind1=" " ind2=" " tag="852"><subfield code="a">71337</subfield></datafield></record></collection>